<record><leader>00000cas a22000007a 4500</leader><controlfield tag="001">23528612</controlfield><controlfield tag="008">910418d18561857mnuwr ne      0    0eng d</controlfield><datafield ind1=" " ind2=" " tag="010"><subfield code="a">sn 91059115 </subfield></datafield><datafield ind1=" " ind2=" " tag="040"><subfield code="a">MN#</subfield><subfield code="b">eng</subfield><subfield code="c">MN#</subfield><subfield code="d">OCL</subfield><subfield code="d">OCLCQ</subfield><subfield code="d">OCLCF</subfield><subfield code="d">OCLCO</subfield></datafield><datafield ind1="1" ind2=" " tag="029"><subfield code="a">AU@</subfield><subfield code="b">000020226281</subfield></datafield><datafield ind1=" " ind2=" " tag="042"><subfield code="a">msc</subfield></datafield><datafield ind1=" " ind2=" " tag="043"><subfield code="a">n-us-mn</subfield></datafield><datafield ind1=" " ind2=" " tag="052"><subfield code="a">4144</subfield><subfield code="b">O9</subfield></datafield><datafield ind1=" " ind2=" " tag="052"><subfield code="a">4143</subfield><subfield code="b">S7</subfield></datafield><datafield ind1="0" ind2="0" tag="245"><subfield code="a">Owatonia watchman and register.</subfield></datafield><datafield ind1="3" ind2="0" tag="246"><subfield code="a">Owatonna watchman and register</subfield></datafield><datafield ind1="1" ind2="3" tag="246"><subfield code="a">Watchman and register</subfield></datafield><datafield ind1=" " ind2=" " tag="260"><subfield code="a">Owatonia, Steele County, Minn. :</subfield><subfield code="b">John H. Abbott and A.B. Cornell</subfield></datafield><datafield ind1=" " ind2=" " tag="300"><subfield code="a">v.</subfield></datafield><datafield ind1=" " ind2=" " tag="310"><subfield code="a">Weekly</subfield></datafield><datafield ind1="1" ind2=" " tag="362"><subfield code="a">Began July 22, 1856; ceased in 1857.</subfield></datafield><datafield ind1=" " ind2=" " tag="500"><subfield code="a">Published as: Owatonna watchman and register, &lt;May 29, 1857&gt;.</subfield></datafield><datafield ind1=" " ind2=" " tag="530"><subfield code="a">Available on microfilm from the Minnesota Historical Society.</subfield></datafield><datafield ind1=" " ind2=" " tag="588"><subfield code="a">Description based on: Vol. 1, no. 2 (July 29, 1856).</subfield></datafield><datafield ind1=" " ind2="0" tag="651"><subfield code="a">Owatonna (Minn.)</subfield><subfield code="v">Newspapers.</subfield></datafield><datafield ind1=" " ind2="7" tag="655"><subfield code="a">Newspapers.</subfield><subfield code="2">fast</subfield><subfield code="0">(OCoLC)fst01423814</subfield></datafield><datafield ind1=" " ind2="7" tag="651"><subfield code="a">Minnesota</subfield><subfield code="z">Owatonna.</subfield><subfield code="2">fast</subfield><subfield code="0">(OCoLC)fst01208537</subfield></datafield><datafield ind1=" " ind2=" " tag="752"><subfield code="a">United States</subfield><subfield code="b">Minnesota</subfield><subfield code="c">Steele</subfield><subfield code="d">Owatonna.</subfield></datafield><datafield ind1="0" ind2="0" tag="785"><subfield code="t">Owatonna register (Owatonna, Minn. : 1857)</subfield><subfield code="w">(DLC)sn 91059114</subfield></datafield></record>